


@book{Griffiths,
author = {Griffiths, David J.},
edition = {3rd},
publisher = {Pearson Education, Cambridge University Press},
pages = {1, 104-110},
title = {Introduction to quantum mechanics},
year = {1995},
ISBN = {978-1-107-17986-8}
}


@article{Goldberg,
author = {Goldberg, A., Schey, H. M., & Schwartz, J. L.},
doi = {10.1119/1.1973991},
journal = {American Journal of Physics},
pages = {177â€“186},
title = {Computer-Generated Motion Pictures of One-Dimensional Quantum-Mechanical Transmission and Reflection Phenomena},
volume = {35(3)},
year = {1967}}


@article{HuangARCMP2017,
author = {Huang, Dennis and Hoffman, Jennifer E},
doi = {10.1146/annurev-conmatphys-031016-025242},
journal = {Annual Review of Condensed Matter Physics},
pages = {311--336},
title = {Monolayer {FeSe} on {SrTiO$_3$}},
volume = {8},
year = {2017}
}
@article{HuangNanoLett2016,
author = {Huang, Dennis and Webb, Tatiana A. and Song, Can-Li and Chang, Cui-Zu and Moodera, Jagadeesh S. and Kaxiras, Efthimios and Hoffman, Jennifer E.},
doi = {10.1021/acs.nanolett.6b01163},
journal = {Nano Letters},
pages = {4224--4229},
title = {Dumbbell Defects in {FeSe} Films: A Scanning Tunneling Microscopy and First-Principles Investigation},
volume = {16},
year = {2016}
}
@article{HuangPRB2016,
author = {Huang, Dennis and Webb, Tatiana A. and Fang, Shiang and Song, Can-Li and Chang, Cui-Zu and Moodera, Jagadeesh S. and Kaxiras, Efthimios and Hoffman, Jennifer E.},
doi = {10.1103/PhysRevB.93.125129},
journal = {Physical Review B},
pages = {125129},
title = {Bounds on nanoscale nematicity in single-layer {FeSe/SrTiO$_3$}},
volume = {93},
year = {2016}
}
@article{HuangPRL2015,
author = {Huang, Dennis and Song, Can-Li and Webb, Tatiana A. and Fang, Shiang and Chang, Cui-Zu and Moodera, Jagadeesh S. and Kaxiras, Efthimios and Hoffman, Jennifer E.},
doi = {10.1103/PhysRevLett.115.017002},
journal = {Physical Review Letters},
pages = {017002},
title = {Revealing the Empty-State Electronic Structure of Single-Unit-Cell {FeSe/SrTiO$_3$}},
volume = {115},
year = {2015}
}
@article{HuangRSI2017,
author = {Huang, Dennis and Liu, Stephen and Zeljkovic, Ilija and Mitchell, J. F. and Hoffman, Jennifer E.},
doi = {10.1063/1.4976567},
journal = {Review of Scientific Instruments},
pages = {023705},
title = {Etching of {Cr} tips for scanning tunneling microscopy of cleavable oxides},
volume = {88},
year = {2017}
}
@book{Kahneman2011,
author = {Daniel Kahneman},
title = {Thinking, Fast and Slow},
year = {2011},
publisher = {Farrar, Straus and Giroux},
isbn = {978-0374533557}
}
@article{KimAPL2010,
author = {Kim, Jeehoon and Ko, Changhyun and Frenzel, Alex and Ramanathan, Shriram and Hoffman, Jennifer E.},
doi = {10.1063/1.3435466},
journal = {Applied Physics Letters},
pages = {213106},
title = {Nanoscale imaging and control of resistance switching in {VO$_2$} at room temperature},
volume = {96},
year = {2010}
}
@misc{NatureAbstract,
title = {How to Construct a {N}ature Summary Paragraph},
URL = {http://www.nature.com/documents/nature-summary-paragraph.pdf}
}
@misc{PhysicalReview,
title = {{P}hysical {R}eview Journals Web Submission Guidelines},
URL = {http://journals.aps.org/authors/web-submission-guidelines-physical-review}
}
@article{WhitesidesAdvMat2004,
author = {Whitesides, G. M.},
doi = {10.1002/adma.200400767},
journal = {Advanced Materials},
pages = {1375--1377},
title = {Whitesides' Group: Writing a Paper},
volume = {16},
year = {2004}
}
@article{ZhangPRB2015,
author = {Zhang, Jessie T and Kim, Jeehoon and Huefner, Magdalena and Ye, Cun and Kim, Stella and Canfield, Paul C. and Prozorov, Ruslan and Auslaender, Ophir M and Hoffman, Jennifer E.},
doi = {10.1103/PhysRevB.92.134509},
journal = {Physical Review B},
pages = {134509},
title = {Single-vortex pinning and penetration depth in superconducting {NdFeAsO$_{1-x}$F$_x$}},
volume = {92},
year = {2015}
}
@article{NatNeuro2000,
doi = {10.1038/72151},
journal = {Nature Neuroscience},
pages = {97--97},
title = {How experts communicate},
volume = {3},
year = {2000}
}
@misc{deBivort,
author = {de Bivort, Ben},
title = {Figure Style Guide},
url = {http://debivort.org/docs/dblab-figure-style-guide.pdf}
}
@book{TufteVisualDisplay2001,
address = {Cheshire, CT},
author = {Tufte, Edward R.},
edition = {2nd},
publisher = {Graphics Press LLC},
title = {The Visual Display of Quantitative Information},
year = {2001}
}